% Bibliography - add to this using the syntax used on the elements added.
@misc{website:scrum,
    author = "Ken Schwaber and Jeff Sutherland",
    title = "Scrum | The home of Scrum",
    month = "February",
    year = "2013",
    howpublished = "\url{http://www.scrum.org/}"
}
@book{subook,
    author    = "Ian Sommerville",
    title     = "Software Engineering",
    publisher = "Pearson",
    edition  = "9",
    year      = "2011"
}

@misc{website:trello,
    title = "Trello.com | Your entire project, in a single glance.",
    howpublished = "\url{https://trello.com/}"
}

@misc{website:git,
    title = "Git | Distributed-is-the-new-centralized",
    howpublished = "\url{http://git-scm.com/}"
}

@misc{website:github,
    title = "Github | Build software better, togheter",
    howpublished = "\url{http://github.com/}"
}

@misc{website:latex,
    title = "LaTeX |  A document preparation system",
    howpublished = "\url{http://www.latex-project.org/}"
}

@misc{website:irc,
    title = "Irc | Internet Relay Chat",
    howpublished = "\url{http://en.wikipedia.org/wiki/Internet_Relay_Chat}"
}

@misc{website:skype,
    title = "Skype | Wherever you are, wherever they are - Skype keeps you together.",
    howpublished = "\url{http://www.skype.com/en/}"
}

@misc{website:githooks,
    title = "Github Hook | Repo Hooks API",
    howpublished = "\url{http://developer.github.com/v3/repos/hooks/}"
}

@misc{website:nodejs,
    title = "Node.js",
    howpublished = "\url{http://nodejs.org/}"
}

@misc{website:express,
    title = "Express - node.js web application framework",
    howpublished = "\url{http://expressjs.com/}"
}
@misc{website:android,
    title = "Design Principles | Android Developers",
    howpublished = "\url{http://developer.android.com/design/get-started/principles.html}"
}

@misc{website:androidfragmentations,
    title = "Amount of fragmentations of Android",
    howpublished = "\url{http://http://opensignal.com/reports/fragmentation.php}"
}
